
@misc{nhc_models,
	title = {NHC Track and Intensity Models},
	howpublished = {\url{https://www.nhc.noaa.gov/modelsummary.shtml}},
	note = {Accessed: 2018-07-04}
}

@article{demaria2005further,
	title={Further improvements to the statistical hurricane intensity prediction scheme (SHIPS)},
	author={DeMaria, Mark and Mainelli, Michelle and Shay, Lynn K and Knaff, John A and Kaplan, John},
	journal={Weather and Forecasting},
	volume={20},
	number={4},
	pages={531--543},
	year={2005}
}

@inproceedings{xingjian2015convolutional,
	title={Convolutional LSTM network: A machine learning approach for precipitation nowcasting},
	author={Xingjian, SHI and Chen, Zhourong and Wang, Hao and Yeung, Dit-Yan and Wong, Wai-Kin and Woo, Wang-chun},
	booktitle={Advances in neural information processing systems},
	pages={802--810},
	year={2015}
}

@article{de2017deep,
	title={Deep Learning for Physical Processes: Incorporating Prior Scientific Knowledge},
	author={de Bezenac, Manu and Pajot, Arthur and Gallinari, Patrick},
	journal={arXiv preprint arXiv:1711.07970},
	year={2017}
}

@inproceedings{racah2017extremeweather,
	title={ExtremeWeather: A large-scale climate dataset for semi-supervised detection, localization, and understanding of extreme weather events},
	author={Racah, Evan and Beckham, Christopher and Maharaj, Tegan and Kahou, Samira Ebrahimi and Prabhat, Mr and Pal, Chris},
	booktitle={Advances in Neural Information Processing Systems},
	pages={3402--3413},
	year={2017}
}

@inproceedings{liberge2011prevision,
	title={Pr{\'e}vision de trajectoires de cyclones {\`a} l'aide de for{\^e}ts al{\'e}atoires avec arbres de r{\'e}gression},
	author={Liberge, Sterenn Marie and Ba, Sileye and Lenca, Philippe and Fablet, Ronan},
	booktitle={Conf{\'e}rence internationale francophone sur l'extraction et la gestion des connaissances},
	pages={623--634},
	year={2011},
	organization={Hermann}
}

@inproceedings{moradi2016sparse,
	title={A Sparse Recurrent Neural Network for Trajectory Prediction of Atlantic Hurricanes},
	author={Moradi Kordmahalleh, Mina and Gorji Sefidmazgi, Mohammad and Homaifar, Abdollah},
	booktitle={Proceedings of the Genetic and Evolutionary Computation Conference 2016},
	pages={957--964},
	year={2016},
	organization={ACM}
}

@article{knapp2010international,
	title={The international best track archive for climate stewardship (IBTrACS) unifying tropical cyclone data},
	author={Knapp, Kenneth R and Kruk, Michael C and Levinson, David H and Diamond, Howard J and Neumann, Charles J},
	journal={Bulletin of the American Meteorological Society},
	volume={91},
	number={3},
	pages={363--376},
	year={2010},
	publisher={American Meteorological Society}
}

@article{dee2011era,
	title={The ERA-Interim reanalysis: Configuration and performance of the data assimilation system},
	author={Dee, Dick P and Uppala, S M and Simmons, AJ and Berrisford, Paul and Poli, P and Kobayashi, S and Andrae, U and Balmaseda, MA and Balsamo, G and Bauer, d P and others},
	journal={Quarterly Journal of the royal meteorological society},
	volume={137},
	number={656},
	pages={553--597},
	year={2011},
	publisher={Wiley Online Library}
}

@article{simonyan2014very,
	title={Very deep convolutional networks for large-scale image recognition},
	author={Simonyan, Karen and Zisserman, Andrew},
	journal={arXiv preprint arXiv:1409.1556},
	year={2014}
}



@article{Lecun1989,
	title={Backpropagation applied to handwritten zip code recognition},
	author={LECUN, Yann, BOSER, Bernhard, DENKER, John S., et al.},
	journal={Neural computation},
	year={1989}
}

U

@article{Xavier,
	title={Understanding the difficulty of training deep feedforward neural networks},
	author={GLOROT, Xavier et BENGIO, Yoshua.},
	journal={Proceedings of the thirteenth international conference on artificial intelligence and statistics. 2010. p. 249-256.},
	year={2010}
}

@article{KRIZHEVSKY2014,
	title={One weird trick for parallelizing convolutional neural networks},
	author={KRIZHEVSKY, Alex},
	journal={arXiv preprint arXiv:1404.5997},
	year={2014}
}