@Article{ammianius42,
  author = 	 {Marcellini Ammianius},
  title = 	 {Liber {XIV}},
  journal = 	 {The Latin Library},
  year = 	 42,
  volume = 	 {51--69},
  pages = 	 {106--121}}
